@book{simon2013too,
  title={Too Big to Ignore: The Business Case for Big Data},
  author={Simon, Phil},
  year={2013},
  publisher={John Wiley \& Sons}
}

@article{mitchell1997machine,
  title={Machine learning. 1997},
  author={Mitchell, Tom M},
  journal={Burr Ridge, IL: McGraw Hill},
  volume={45},
  year={1997}
}

@book{murphy2012machine,
  title={Machine learning: a probabilistic perspective},
  author={Murphy, Kevin P},
  year={2012},
  publisher={MIT Press}
}

@MISC{stanford,
itemname={Machine Learning},
author = {Andrew Ng},
title = {Introduction, What is machine learning},
howpublished = {"\url{http://openclassroom.stanford.edu/MainFolder/VideoPage.php?course=MachineLearning&video=01.2-Introduction-WhatIsMachineLearning&speed=100"}}
}

@book{manning2008introduction,
  title={Introduction to information retrieval},
  author={Manning, Christopher D and Raghavan, Prabhakar and Sch{\"u}tze, Hinrich},
  volume={1},
  year={2008},
  publisher={Cambridge university press Cambridge}
}

@MISC{wikiconceptualclustering,
itemname={Conceptual Clustering},
title = {Conceptual Clustering},
howpublished = {"\url{http://en.wikipedia.org/wiki/Conceptual_clustering"}}
}

@article{jain1999data,
  title={Data clustering: a review},
  author={Jain, Anil K and Murty, M Narasimha and Flynn, Patrick J},
  journal={ACM computing surveys (CSUR)},
  volume={31},
  number={3},
  pages={264--323},
  year={1999},
  publisher={Acm}
}


@article{fisher1987knowledge,
  title={Knowledge acquisition via incremental conceptual clustering},
  author={Fisher, Douglas H},
  journal={Machine learning},
  volume={2},
  number={2},
  pages={139--172},
  year={1987},
  publisher={Springer}
}

@inproceedings{gluck1985information,
  title={Information, uncertainty and the utility of categories},
  author={Gluck, M},
  booktitle={Proc. of the Seventh Annual Conf. on Cognitive Science Society},
  pages={283--287},
  year={1985}
}


@book{luger2011artificial,
  title={Artificial Intelligence: Structures and Strategies for Complex Problem Solving},
  author={Luger, G.F.},
  isbn={9780133001730},
  url={http://books.google.com/books?id=qScrAAAAQBAJ},
  year={2011},
  publisher={Pearson Education}
}



@MISC{newyork,
itemname={cmap},
author = { },
title = {Classification map},
howpublished = {"\url{http://ci-cmap.oit.umn.edu/rid=1KQ0B0XBH-3J1L9H-P6W/Animal%20Classification.cmap"}}
}

@inproceedings{fisher1995optimization,
  title={Optimization and Simplification of Hierarchical Clusterings.},
  author={Fisher, Douglas},
  booktitle={KDD},
  pages={118--123},
  year={1995}
}

@article{gennari1989models,
  title={Models of incremental concept formation},
  author={Gennari, John H and Langley, Pat and Fisher, Doug},
  journal={Artificial intelligence},
  volume={40},
  number={1},
  pages={11--61},
  year={1989},
  publisher={Elsevier}
}

